% ---------------------------------------------------------------------------------------
% Add references in this document
% For more information about different kinds of references go to:
% https://en.wikibooks.org/wiki/LaTeX/Bibliography_Management#BibTeX
% ---------------------------------------------------------------------------------------

% ---------------------------------------------------------------------------------------
% Template for references
% ---------------------------------------------------------------------------------------
%@type{name,
%		title = "[Something]",
%		author = "[Someone]",
%		year = "[Sometime]",
%		note = "Bilag: [Name of the file in folder]
%		}
% ---------------------------------------------------------------------------------------

@manual{STK,
	title = "STK500 user guide",
	author = "Atmel",
	year = "----",	
	note = "Bilag: STK500.pdf"
}